@article{bohren2010smach,
  title={The SMACH high-level executive [ROS news]},
  author={Bohren, Jonathan and Cousins, Steve},
  journal={IEEE Robotics \& Automation Magazine},
  volume={4},
  number={17},
  pages={18--20},
  year={2010}
}

@inproceedings{ziparo2006petri,
  title={Petri net plans},
  author={Ziparo, Vittorio Amos and Iocchi, Luca},
  booktitle={Proceedings of Fourth International Workshop on Modelling of Objects, Components, and Agents (MOCA)},
  pages={267--290},
  year={2006}
}

@inproceedings{verma2005plan,
  title={Plan execution interchange language (PLEXIL) for executable plans and command sequences},
  author={Verma, Vandi and Estlin, Tara and J{\'o}nsson, Ari and Pasareanu, Corina and Simmons, Reid and Tso, Kam},
  booktitle={Proceedings of the 9th International Symposium on Artificial Intelligence, Robotics and Automation in Space},
  year={2005}
}

@inproceedings{simmons1998task,
  title={A task description language for robot control},
  author={Simmons, Reid and Apfelbaum, David},
  booktitle={Intelligent Robots and Systems, 1998. Proceedings., 1998 IEEE/RSJ International Conference on},
  volume={3},
  pages={1931--1937},
  year={1998},
  organization={IEEE}
}

@inproceedings{gat1997esl,
  title={ESL: A language for supporting robust plan execution in embedded autonomous agents},
  author={Gat, Erann},
  booktitle={Aerospace Conference, 1997. Proceedings., IEEE},
  volume={1},
  pages={319--324},
  year={1997},
  organization={IEEE}
}

@book{georgeff1989decision,
  title={Decision-making in an embedded reasoning system},
  author={Georgeff, Michael P and Ingrand, Francois Felix},
  year={1989},
  publisher={Australian Artificial Intelligence Institute}
}

@inproceedings{firby1987investigation,
  title={An investigation into reactive planning in complex domains.},
  author={Firby, R James},
  booktitle={AAAI},
  volume={87},
  pages={202--206},
  year={1987}
}

@article{peterson1981petri,
  title={Petri net theory and the modeling of systems},
  author={Peterson, James L},
  year={1981},
  publisher={Prentice Hall PTR}
}

@article{corrigan2008introduction,
  title={Introduction to the controller area network (CAN)},
  author={Corrigan, Steve},
  journal={Texas Instrument, Application Report},
  year={2008}
}

@book{dastani2013programming,
  title={Programming Multi-Agent Systems: 10th International Workshop, ProMAS 2012, Valencia, Spain, June 5, 2012, Revised Selected Papers},
  author={Dastani, Mehdi and H{\"u}bner, Jomi F and Logan, Brain},
  volume={7837},
  year={2013},
  publisher={Springer}
}

@article{freitas2015embedded,
  title={THE EMBEDDED ELECTRONICS AND SOFTWARE OF DORIS OFFSHORE ROBOT},
  author={Freitas, Renan S and Xaud, Marco FS and Marcovistz, Ighor and Neves, Alex F and Faria, Rafael O and Carvalho, Guilherme PS and Hsu, Liu and Nunes, Eduardo VL and Peixoto, Alessandro J and Lizarralde, Fernando and others},
  journal={IFAC-PapersOnLine},
  volume={48},
  number={6},
  pages={208--213},
  year={2015},
  publisher={Elsevier}
}

@inproceedings{carvalho2013doris,
  title={Doris-monitoring robot for offshore facilities},
  author={Carvalho, G and Freitas, G and Costa, R and Carvalho, G and Oliveira, J and Netto, S and Silva, E and Xaud, M and Hsu, L and Motta-Ribeiro, G and others},
  booktitle={Offshore Technology Conference Brasil},
  year={2013}
}

@incollection{kortenkamp2008robotic,
  title={Robotic systems architectures and programming},
  author={Kortenkamp, David and Simmons, Reid},
  booktitle={Springer Handbook of Robotics},
  pages={187--206},
  year={2008},
  publisher={Springer}
}

@inproceedings{quigley2009ros,
  title={ROS: an open-source Robot Operating System},
  author={Quigley, Morgan and Conley, Ken and Gerkey, Brian and Faust, Josh and Foote, Tully and Leibs, Jeremy and Wheeler, Rob and Ng, Andrew Y},
  booktitle={ICRA workshop on open source software},
  volume={3},
  number={3.2},
  pages={5},
  year={2009}
}

@inproceedings{gerkey2003player,
  title={The player/stage project: Tools for multi-robot and distributed sensor systems},
  author={Gerkey, Brian and Vaughan, Richard T and Howard, Andrew},
  booktitle={Proceedings of the 11th international conference on advanced robotics},
  volume={1},
  pages={317--323},
  year={2003}
}

@article{kramer2007development,
  title={Development environments for autonomous mobile robots: A survey},
  author={Kramer, James and Scheutz, Matthias},
  journal={Autonomous Robots},
  volume={22},
  number={2},
  pages={101--132},
  year={2007},
  publisher={Springer}
}

@inproceedings{staranowicz2011survey,
  title={A survey and comparison of commercial and open-source robotic simulator software},
  author={Staranowicz, Aaron and Mariottini, Gian Luca},
  booktitle={Proceedings of the 4th International Conference on PErvasive Technologies Related to Assistive Environments},
  pages={56},
  year={2011},
  organization={ACM}
}

@inproceedings{montemerlo2006winning,
  title={Winning the DARPA Grand Challenge with an AI robot},
  author={Montemerlo, Michael and Thrun, Sebastian and Dahlkamp, Hendrik and Stavens, David and Strohband, Sven},
  booktitle={Proceedings of the national conference on artificial intelligence},
  volume={21},
  number={1},
  pages={982},
  year={2006},
  organization={Menlo Park, CA; Cambridge, MA; London; AAAI Press; MIT Press; 1999}
}

@inproceedings{volpe2001claraty,
  title={The CLARAty architecture for robotic autonomy},
  author={Volpe, Richard and Nesnas, Issa and Estlin, Tara and Mutz, Darren and Petras, Richard and Das, Hari},
  booktitle={Aerospace Conference, 2001, IEEE Proceedings.},
  volume={1},
  pages={1--121},
  year={2001},
  organization={IEEE}
}

@article{gat1991reliable,
  title={Reliable goal-directed reactive control of autonomous mobile robots},
  author={Gat, Erann},
  year={1991},
  publisher={Virginia Tech}
}

@inproceedings{healey1996autonomous,
  title={Autonomous underwater vehicle control coordination using a tri-level hybrid software architecture},
  author={Healey, AJ and Marco, DB and Mcghee, Robert B},
  booktitle={Robotics and Automation, 1996. Proceedings., 1996 IEEE International Conference on},
  volume={3},
  pages={2149--2159},
  year={1996},
  organization={IEEE}
}

@book{murphy2000introduction,
  title={Introduction to AI robotics},
  author={Murphy, Robin},
  year={2000},
  publisher={MIT press}
}

@inproceedings{brutzman1996nps,
  title={NPS Phoenix AUV software integration and in-water testing},
  author={Brutzman, Don and Burns, Mike and Campbell, Mike and Davis, Duane and Healey, Tony and Holden, Mike and Leonhardt, Brad and Marco, Dave and McClarin, Dave and McGhee, Bob and others},
  booktitle={Autonomous Underwater Vehicle Technology, 1996. AUV'96., Proceedings of the 1996 Symposium on},
  pages={99--108},
  year={1996},
  organization={IEEE}
}

@article{boswell1994using,
  title={Using the subsumption architecture in an autonomous underwater robot: Expostulations, extensions and experiences},
  author={Boswell, AJ and Leaney, JR},
  journal={Proceedings of theIARP2ndWorkshop on: Mobile Robots for Subsea Environments},
  pages={95--106},
  year={1994}
}

@article{oliveira1996design,
  title={Design, development, and testing at sea of the mission control system for the MARIUS autonomous underwater vehicle},
  author={Oliveira, P and Pascoal, A and Silva, V and Silvestre, C},
  journal={Oceans MTS/IEEE},
  year={1996}
}

@inproceedings{arkin1989mobile,
  title={Mobile robot docking operations in a manufacturing environment: Progress in visual perceptual strategies},
  author={Arkin, Ronald C and Murphy, Robin and Pearson, Mark and Vaughn, David},
  booktitle={Proc. IEEE International Workshop on Intelligent Robots and Systems},
  volume={89},
  pages={147--154},
  year={1989}
}

@article{arbib1992schema,
  title={Schema theory},
  author={Arbib, Michael A},
  journal={The Encyclopedia of Artificial Intelligence},
  volume={2},
  pages={1427--1443},
  year={1992},
  publisher={Wiley Interscience}
}

@inproceedings{arkin1987aura,
  title={AuRA: An architecture for vision-based robot navigation},
  author={Arkin, Ronald C and Riseman, Edward M and Hanson, Allen R},
  booktitle={proceedings of the DARPA Image Understanding Workshop},
  pages={417--431},
  year={1987}
}

@inproceedings{martin2006mission,
  title={A mission controller for high level control of autonomous and semi-autonomous underwater vehicles},
  author={Martin, Stephen C and Whitcomb, Louis L and Yoerger, Dana and Singh, Hanumaunt},
  booktitle={OCEANS 2006},
  pages={1--6},
  year={2006},
  organization={IEEE}
}

@inproceedings{brumitt1996dynamic,
  title={Dynamic mission planning for multiple mobile robots},
  author={Brumitt, Barry L and Stentz, Anthony},
  booktitle={Robotics and Automation, 1996. Proceedings., 1996 IEEE International Conference on},
  volume={3},
  pages={2396--2401},
  year={1996},
  organization={IEEE}
}

@inproceedings{tribelhorn2007evaluating,
  title={Evaluating the Roomba: A low-cost, ubiquitous platform for robotics research and education},
  author={Tribelhorn, Ben and Dodds, Zachary},
  booktitle={Robotics and Automation, 2007 IEEE International Conference on},
  pages={1393--1399},
  year={2007},
  organization={IEEE}
}

@article{fryxell1996navigation,
  title={Navigation, guidance and control of AUVs: an application to the MARIUS vehicle},
  author={Fryxell, D and Oliveira, P and Pascoal, A and Silvestre, C and Kaminer, I},
  journal={Control Engineering Practice},
  volume={4},
  number={3},
  pages={401--409},
  year={1996},
  publisher={Elsevier}
}

@book{arkin1998behavior,
  title={Behavior-based robotics},
  author={Arkin, Ronald C},
  year={1998},
  publisher={MIT press}
}

@article{arkin1995reactive,
  title={Reactive Robotic Systems Ronald C. Arkin College of Computing Georgia Institute of Technology Atlanta, Georgia},
  author={Arkin, Ronald},
  year={1995}
}

@inproceedings{holland1997grey,
  title={Grey Walter: the pioneer of real artificial life},
  author={Holland, Owen},
  booktitle={Proc. 5th Int. Workshop Synthesis Simulation Living Syst},
  pages={34--41},
  year={1997},
  organization={Cambridge, MA}
}

@book{stone1980introduction,
  title={Introduction to computer architecture},
  author={Stone, Harold S},
  year={1980},
  publisher={Sra}
}

@inproceedings{mataric1992behavior,
  title={Behavior-based control: Main properties and implications},
  author={Mataric, Maja J},
  booktitle={Proceedings, IEEE International Conference on Robotics and Automation, Workshop on Architectures for Intelligent Control Systems},
  pages={46--54},
  year={1992},
  organization={Citeseer}
}

@article{brooks1986robust,
  title={A robust layered control system for a mobile robot},
  author={Brooks, Rodney A},
  journal={Robotics and Automation, IEEE Journal of},
  volume={2},
  number={1},
  pages={14--23},
  year={1986},
  publisher={IEEE}
}

@article {Arn51a,
    AUTHOR = {Arnoldi, W. E.},
     TITLE = {The principle of minimized iteration in the solution of the
              matrix eigenvalue problem},
   JOURNAL = {Quart. Appl. Math.},
  FJOURNAL = {Quarterly of Applied Mathematics},
    VOLUME = {9},
      YEAR = {1951},
     PAGES = {17--29},
}

@article {Lan50a,
    AUTHOR = {Lanczos, Cornelius},
     TITLE = {An iteration method for the solution of the eigenvalue problem
              of linear differential and integral operators},
   JOURNAL = {J. Research Nat. Bur. Standards},
  FJOURNAL = {Journal of Research of the National Bureau of Standards},
    VOLUME = {45},
      YEAR = {1950},
     PAGES = {255--282},
}

@techreport{elfes1983distributed,
  title={A Distributed Control System for the CMU Rover.},
  author={Elfes, Alberto and Talukdar, Sarosh N},
  year={1983},
  institution={DTIC Document}
}

@techreport{scheinman1969design,
  title={Design of a computer controlled manipulator.},
  author={Scheinman, Victor David},
  year={1969},
  institution={DTIC Document}
}

@inproceedings{bellingham1994second,
  title={A second generation survey AUV},
  author={Bellingham, JG and Goudey, CA and Consi, TR and Bales, JW and Atwood, DK and Leonard, JJ and Chryssostomidis, C},
  booktitle={Autonomous Underwater Vehicle Technology, 1994. AUV'94., Proceedings of the 1994 Symposium on},
  pages={148--155},
  year={1994},
  organization={IEEE}
}

@article{bennett2000behavior,
  title={A behavior-based approach to adaptive feature detection and following with autonomous underwater vehicles},
  author={Bennett, Andrew and Leonard, John J and others},
  journal={Oceanic Engineering, IEEE Journal of},
  volume={25},
  number={2},
  pages={213--226},
  year={2000},
  publisher={IEEE}
}

@inproceedings{norelis1989control,
  title={Control of mobile robot actions},
  author={Norelis, FR and Chatila, Raja G},
  booktitle={Robotics and Automation, 1989. Proceedings., 1989 IEEE International Conference on},
  pages={701--707},
  year={1989},
  organization={IEEE}
}

@article{wang1991petri,
  title={A Petri-net coordination model for an intelligent mobile robot},
  author={Wang, Fei Yue and Kyriakopoulos, Konstantinos J and Tsolkas, Athanasios and Saridis, George N},
  journal={Systems, Man and Cybernetics, IEEE Transactions on},
  volume={21},
  number={4},
  pages={777--789},
  year={1991},
  publisher={IEEE}
}

@article{saridis1988analytical,
  title={Analytical design of intelligent machines},
  author={Saridis, George N and Valavanis, Kimon P},
  journal={Automatica},
  volume={24},
  number={2},
  pages={123--133},
  year={1988},
  publisher={Elsevier}
}

@article{murata1989petri,
  title={Petri nets: Properties, analysis and applications},
  author={Murata, Tadao},
  journal={Proceedings of the IEEE},
  volume={77},
  number={4},
  pages={541--580},
  year={1989},
  publisher={IEEE}
}

@article{albus1991outline,
  title={Outline for a theory of intelligence},
  author={Albus, James S},
  journal={Systems, Man and Cybernetics, IEEE Transactions on},
  volume={21},
  number={3},
  pages={473--509},
  year={1991},
  publisher={IEEE}
}

@book{albus1989nasa,
  title={NASA/NBS standard reference model for telerobot control system architecture (NASREM)},
  author={Albus, James Sacra and McCain, Harry G and Lumia, Ronald},
  year={1989},
  publisher={National Institute of Standards and Technology Gaithersburg, MD}
}


@inproceedings{moravec1977towards,
  title={TOWARDS AUTOMATIC VISUAL BBSTACLE AVOIDANCE},
  author={Moravec, Hans P},
  booktitle={International Conference on Artificial Intelligence (5th: 1977: Massachusetts Institute of Technology)},
  year={1977}
}

@inproceedings{norelis1989control,
  title={Control of mobile robot actions},
  author={Norelis, FR and Chatila, Raja G},
  booktitle={Robotics and Automation, 1989. Proceedings., 1989 IEEE International Conference on},
  pages={701--707},
  year={1989},
  organization={IEEE}
}

@article{siegwart2004autonomous,
  title={Autonomous mobile robots},
  author={Siegwart, Roland and Nourbakhsh, Illah R},
  journal={Massachusetts Institute of Technology},
  year={2004}
}

@book{braitenberg1986vehicles,
  title={Vehicles: Experiments in synthetic psychology},
  author={Braitenberg, Valentino},
  year={1986},
  publisher={MIT press}
}